<record><leader>00000cas a22000007a 4500</leader><controlfield tag="001">1760679</controlfield><controlfield tag="008">751101d192919uumnuwr ne      0    0eng d</controlfield><datafield ind1=" " ind2=" " tag="010"><subfield code="a">sn 90059046 </subfield></datafield><datafield ind1=" " ind2=" " tag="040"><subfield code="a">MUL</subfield><subfield code="b">eng</subfield><subfield code="c">MUL</subfield><subfield code="d">MN#</subfield><subfield code="d">OCLCQ</subfield><subfield code="d">OCLCO</subfield></datafield><datafield ind1="1" ind2=" " tag="029"><subfield code="a">AU@</subfield><subfield code="b">000025876861</subfield></datafield><datafield ind1=" " ind2=" " tag="042"><subfield code="a">msc</subfield></datafield><datafield ind1=" " ind2=" " tag="043"><subfield code="a">n-us-mn</subfield></datafield><datafield ind1=" " ind2=" " tag="052"><subfield code="a">4144</subfield><subfield code="b">B3</subfield></datafield><datafield ind1=" " ind2=" " tag="052"><subfield code="a">4143</subfield><subfield code="b">B3</subfield></datafield><datafield ind1="0" ind2="4" tag="245"><subfield code="a">The Northern student.</subfield></datafield><datafield ind1=" " ind2=" " tag="260"><subfield code="a">Bemidji, Minn. :</subfield><subfield code="b">Bemidji State Teachers College</subfield></datafield><datafield ind1=" " ind2=" " tag="300"><subfield code="a">v.</subfield></datafield><datafield ind1=" " ind2=" " tag="310"><subfield code="a">Weekly,</subfield><subfield code="b">Sept. 26, 1974-&lt;Dec. 18, 1980&gt;</subfield></datafield><datafield ind1=" " ind2=" " tag="321"><subfield code="a">4 times a year,</subfield><subfield code="b">Jan. 31, 1930</subfield></datafield><datafield ind1=" " ind2=" " tag="321"><subfield code="a">7 times a year,</subfield><subfield code="b">Mar. 21, 1930-&lt;May 7, 1931&gt;</subfield></datafield><datafield ind1=" " ind2=" " tag="321"><subfield code="a">6 times a year,</subfield><subfield code="b">Oct. 15, 1931-May 20, 1938</subfield></datafield><datafield ind1=" " ind2=" " tag="321"><subfield code="a">Monthly (except July),</subfield><subfield code="b">Aug. 1938-June 8, 1943</subfield></datafield><datafield ind1=" " ind2=" " tag="321"><subfield code="a">Monthly (8 times a year),</subfield><subfield code="b">Sept. 29, 1943-May 23, 1958</subfield></datafield><datafield ind1=" " ind2=" " tag="321"><subfield code="a">Biweekly (during school year),</subfield><subfield code="b">Sept. 26, 1958-&lt;Oct. 18, 1961&gt;</subfield></datafield><datafield ind1=" " ind2=" " tag="321"><subfield code="a">Weekly (during school year),</subfield><subfield code="b">&lt;Nov. 16, 1961-May 21, 1970&gt;</subfield></datafield><datafield ind1=" " ind2=" " tag="321"><subfield code="a">Semiweekly (during school year),</subfield><subfield code="b">&lt;Sept. 18, 1970&gt;-May 30, 1974</subfield></datafield><datafield ind1="1" ind2=" " tag="362"><subfield code="a">Began Nov. 20, 1929.</subfield></datafield><datafield ind1=" " ind2=" " tag="515"><subfield code="a">Shared numbering with College Bulletins and College Supplements &lt;1928-1934&gt;.</subfield></datafield><datafield ind1=" " ind2=" " tag="530"><subfield code="a">Available on microfilm from the Minnesota Historical Society.</subfield></datafield><datafield ind1=" " ind2=" " tag="588"><subfield code="a">Description based on: Vol. 3, no. 1 (Jan. 31, 1930).</subfield></datafield><datafield ind1="2" ind2=" " tag="710"><subfield code="a">Bemidji State College.</subfield></datafield><datafield ind1=" " ind2=" " tag="752"><subfield code="a">United States</subfield><subfield code="b">Minnesota</subfield><subfield code="c">Beltrami</subfield><subfield code="d">Bemidji.</subfield></datafield></record>